2127 3734
716 91 1529 161 PRAEFATIO.

205 267 367 314 extra
424 249 681 313 Sueciszm
737 252 971 312 aiteram
1019 249 1468 334 Lugdunergfi’m,
1546 249 1684 314 duas
1721 248 2012 336 Halenses,

205 336 525 418 Lipsteifim
551 356 743 414 Vnam,
786 334 1109 415 Parmam
1131 355 1321 397 Vnam.
1403 335 1530 419 Ipfie
1547 336 1890 416 Perillustris
1916 364 2010 401 auu

205 421 324 482 ἑῗον
358 422 569 481 iteratis
611 419 957 480 editionibus
980 417 1388 501 Holmiensibus
1421 423 1784 484 incrementis
1815 423 2008 486 Histo-

204 507 321 568 riae
343 505 604 565 naturalis
627 507 702 564 ita
722 503 1047 586 prospexit,
1089 520 1154 564 vt
1189 524 1342 564 nunc
1375 504 1696 569 exhibuerit
1728 507 2007 569 decimam

213 588 540 667 editionem,
581 609 757 668 quam
804 588 1112 670 appellauit
1145 586 1549 668 reformatam,
1604 611 1714 652 nos
1749 590 2007 652 denomi—

200 676 500 737 nationem
525 672 959 754 locupletiffi'mae
978 671 1235 732 editionis
1248 673 1369 732 iure
1390 677 1717 755 meritoque
1728 674 2006 738 addimus.

203 758 319 838 Ea,
360 757 568 838 quibus
607 756 747 818 haec
786 756 962 817 editio
989 755 1210 817 decima
1231 756 1403 818 habet
1430 779 1569 840 prae
1590 760 1820 840 reliquis
1845 782 2005 842 prae·-

200 845 387 925 cipua,
422 843 510 904 vel
546 862 617 903 ex
648 841 819 924 ipsius
855 840 1026 902 molis
1057 859 1374 924 augmento
1401 839 1686 924 spectator
1717 844 2005 905 aestimare

198 930 449 1011 poterit,
489 944 733 987 attentus
757 925 940 987 lceior
959 945 1149 986 autem
1173 927 1351 1009 longe
1373 921 1555 1010 plur-a,
1577 947 1753 1007 eaque
1773 928 2003 991 fiimmo

196 1010 386 1076 studio
409 1013 469 1071 in
482 1010 901 1094 compendium
923 1008 1150 1071 red-aesta
1161 1013 1438 1094 reperiet,
1480 1034 1654 1091 quam
1679 1013 1792 1095 ipffi
1815 1015 2002 1076 moles

166 1107 168 1110 ’
197 1097 461 1181 polliceri
497 1094 812 1156 videbatur.
908 1093 1199 1156 Nostrum
1232 1117 1355 1156 non
1380 1095 1457 1157 est
1489 1118 1551 1157 ea
1573 1096 1670 1157 hic
1696 1099 2018 1178 recensere,

198 1202 346 1262 quae
366 1180 438 1242 ad
462 1199 723 1241 naturam
744 1179 924 1263 ipsam
954 1180 1291 1261 reformata,
1338 1201 1481 1260 quae
1513 1180 1585 1242 de
1618 1202 1778 1242 nouo
1809 1181 2001 1243 addita

195 1266 338 1329 sunt.
426 1265 746 1326 videantur
783 1263 1008 1325 abunde
1040 1266 1100 1326 in
1134 1265 1257 1347 ipio
1303 1286 1511 1349 opere,
1564 1287 1707 1346 quae
1749 1265 2001 1329 breuiter
2084 1335 2087 1339 ,

195 1349 471 1413 delineata
497 1351 622 1411 sunt
646 1352 706 1410 in
729 1351 966 1411 Ratione
995 1350 1291 1411 Editionis.
1361 1350 1534 1436 Qae
1555 1345 1691 1411 cum
1711 1352 1785 1412 ita
1808 1350 1998 1431 essent,

104 1488 116 1496 .
193 1457 304 1499 nec
329 1454 522 1497 tamen
544 1435 667 1497 satis
693 1434 789 1496 diu
813 1433 978 1496 valde
1001 1433 1307 1496 desiderata
1337 1435 1478 1496 haec
1494 1434 1672 1496 editio
1697 1434 1852 1518 apud
1870 1457 1999 1515 nos,

194 1539 254 1583 et
283 1523 382 1583 vix
410 1520 511 1581 nisi
532 1519 699 1582 valde
719 1541 940 1603 magno
961 1523 1151 1603 pretio
1175 1520 1371 1581 haberi
1386 1522 1658 1603 potuerit,
1684 1541 1806 1580 non
1828 1523 1997 1602 potui
2059 1558 2069 1567 -

193 1628 320 1668 non
343 1604 660 1666 institutum
677 1605 1043 1688 typographi
1065 1604 1259 1685 nostri,
1275 1606 1403 1665 Viri
1415 1604 1609 1666 eximii
1622 1606 1666 1669 I.
1688 1606 1730 1665 I.
1748 1603 1907 1683 Curi,
1925 1598 1998 1683 de

191 1689 520 1754 recudenda
559 1689 717 1772 apud
752 1710 860 1752 nos
891 1689 998 1750 hac
1036 1691 1151 1772 ipsa
1183 1690 1437 1751 editione
1462 1689 1683 1750 decima
1716 1688 1966 1772 probare
1977 1688 2000 1766 ς’

191 1776 526 1859 praesertim
551 1797 686 1836 cum
709 1795 780 1836 ex
805 1777 1008 1857 primis
1043 1775 1287 1858 plagulis
1326 1774 1470 1835 mihi
1495 1773 1697 1835 oblatis
1722 1771 1996 1855 intellige·

189 1882 353 1939 rem3
397 1882 530 1921 eum
554 1861 719 1921 nullis
741 1859 1042 1940 sumtibUS,
1067 1860 1205 1920 nulli
1227 1880 1438 1942 operae
1462 1879 1714 1941 parcere,
1740 1856 1835 1918 std
1857 1877 1996 1941 ope·

187 1966 316 2008 ram
349 1944 484 2006 dare
523 1962 589 2007 vt
629 1943 821 2006 nostra
851 1943 1028 2005 editio
1075 1943 1404 2005 Holmiensi
1445 1945 1634 2003 nitore
1672 1941 1897 2002 chartae
1938 1959 1996 2002 et

164 2032 467 2114 selegantia
491 2047 778 2112 typorum
800 2032 1041 2089 minime
1065 2027 1307 2089 cederet.
1391 2028 1528 2088 Nec
1556 2025 1836 2109 displicuit
1859 2046 1995 2087 con-

186 2115 372 2178 silium
406 2113 775 2198 typographi
804 2112 876 2175 de
896 2112 1159 2175 addenda
1189 2113 1358 2174 titulo
1382 2113 1578 2194 operis
1615 2111 1898 2193 sculptura
1921 2104 1995 2173 ad

186 2221 315 2263 rem
349 2199 529 2282 ipsam
551 2197 718 2259 valde
756 2197 1031 2281 apposita.
1117 2199 1274 2259 Ante
1299 2199 1495 2257 omnia
1526 2216 1672 2256 vero
1697 2215 1995 2256 commen·

185 2284 412 2363 dauivt,
426 2304 599 2364 quam
614 2283 735 2343 fieri
750 2282 937 2366 poffet
961 2282 1076 2343 sine
1095 2279 1320 2344 mendis
1342 2281 1484 2340 haec
1507 2277 1684 2339 editio
1700 2279 1996 2362 exemplat

183 2368 525 2434 Holmiense
557 2368 810 2429 referret.
908 2367 1109 2453 Qam
1144 2366 1264 2428 hoc
1307 2369 1366 2426 in
1400 2381 1491 2426 tot
1527 2362 1891 2444 nominibus,
1935 2366 1995 2425 in

183 2473 278 2516 tot
310 2455 563 2515 numeris
587 2451 653 2514 fit
678 2451 931 2523 difficile,
974 2454 1140 2532 aequi
1186 2471 1380 2512 rerum
1419 2447 1615 2509 arbitri
1649 2448 1993 2532 intelligunt.

182 2539 339 2603 Puto
362 2557 555 2600 tamen
589 2559 799 2618 meam,
836 2558 1013 2617 quam
1037 2539 1097 2597 in
1128 2536 1391 2619 plurimis
1423 2533 1669 2617 plagulis
1695 2532 1804 2593 hac
1825 2536 1884 2593 in
1911 2554 1994 2613 re,

183 2643 464 2705 quantum
491 2644 597 2705 per
629 2623 872 2702 reliquas
917 2623 1329 2704 occupationes
1370 2619 1555 2697 licuit,
1596 2615 1831 2678 adhibui
1853 2638 1993 2699 ope·

182 2730 337 2790 ram,
376 2729 557 2791 pauca
576 2706 1029 2790 praetemidiffe,
1072 2703 1408 2789 tempestiue
1431 2701 1747 2763 indicanda.
1832 2699 1996 2781 Vale,

183 2793 347 2860 leelor
385 2790 645 2870 beneuole,
690 2811 746 2854 et
767 2793 882 2873 his,
917 2811 1190 2870 tanquam
1209 2788 1563 2865 naturalzsta,
1604 2786 1842 2846 nomine
1872 2784 1993 2846 hoc

183 2878 428 2962 dignuS,
478 2878 554 2938 ita
586 2895 774 2957 Vtere,
829 2896 897 2937 vt
930 2877 1117 2961 gloria
1147 2879 1207 2936 in
1241 2872 1541 2935 au&oi·em
1586 2889 1815 2931 naturae
1846 2866 1990 2929 sum-
2052 2918 2055 2922 .

180 2985 366 3043 mum,
408 2963 615 3024 Vtilitas
650 2963 710 3021 in
746 2961 1044 3043 publicum
1087 2957 1403 3038 redundet,
1473 2976 1651 3036 quem
1696 2952 1839 3015 Tibi
1873 2953 1993 3037 ipse

180 3069 216 3112 L
241 3070 259 3110 1
285 3069 326 3109 N
348 3069 391 3108 N
419 3068 453 3108 A
473 3067 601 3107 Evs
646 3045 934 3106 Historiae
963 3045 1227 3106 naturalis
1266 3040 1697 3104 commendauit
1725 3036 1902 3099 finem
1935 3055 1993 3100 et
2060 3096 2063 3117 5

179 3132 361 3194 vsum.
447 3130 673 3194 Dabam
697 3134 755 3191 in
779 3132 962 3212 Regia
992 3129 1375 3197 Fridericiana
1395 3122 1646 3206 Halenfi,
1674 3122 1865 3184 mense
1886 3124 1990 3185 Fe-

96 3257 99 3260 >
179 3215 414 3281 bruario
446 3216 607 3283 Anni
645 3217 720 3280 M
744 3215 918 3284 DCC
945 3215 1067 3281 LX.

1629 3291 1991 3375 RATIO
