<?xml version="1.0" encoding="UTF-8"?>
<!DOCTYPE html PUBLIC "-//W3C//DTD XHTML 1.0 Transitional//EN"
    "http://www.w3.org/TR/xhtml1/DTD/xhtml1-transitional.dtd">
<html xmlns="http://www.w3.org/1999/xhtml" xml:lang="en" lang="en">
 <head>
  <title>
</title>
<meta http-equiv="Content-Type" content="text/html;charset=utf-8" />
  <meta name='ocr-system' content='tesseract 3.04.00' />
  <meta name='ocr-capabilities' content='ocr_page ocr_carea ocr_par ocr_line ocrx_word'/>
</head>
<body>
  <div class='ocr_page' id='page_1' title='image "./carolilinnaeisys11linn_0013.png"; bbox 0 0 2127 3734; ppageno 0'>
   <div class='ocr_carea' id='block_1_1' title="bbox 600 34 1458 153">
    <p class='ocr_par' dir='ltr' id='par_1_1' title="bbox 600 34 1458 153">
     <span class='ocr_line' id='line_1_1' title="bbox 600 34 1458 153; baseline -0.014 0"><span class='ocrx_word' id='word_1_1' title='bbox 600 34 1458 153; x_wconf 64' lang='lat' dir='ltr'>PRAEFATIO..</span> 
     </span>
    </p>
   </div>
   <div class='ocr_carea' id='block_1_2' title="bbox 64 238 1975 3387">
    <p class='ocr_par' dir='ltr' id='par_1_2' title="bbox 64 238 1975 3387">
     <span class='ocr_line' id='line_1_2' title="bbox 64 238 1929 342; baseline -0.003 -31"><span class='ocrx_word' id='word_1_2' title='bbox 64 302 68 311; x_wconf 87' lang='grc'><em>,</em></span> <span class='ocrx_word' id='word_1_3' title='bbox 114 267 240 342; x_wconf 79' lang='lat' dir='ltr'><strong>gno</strong></span> <span class='ocrx_word' id='word_1_4' title='bbox 275 243 584 328; x_wconf 76' lang='lat' dir='ltr'>vegetabili</span> <span class='ocrx_word' id='word_1_5' title='bbox 607 239 918 321; x_wconf 86' lang='lat' dir='ltr'><strong>dederunt,</strong></span> <span class='ocrx_word' id='word_1_6' title='bbox 959 260 1079 320; x_wconf 91' lang='lat' dir='ltr'><strong>quo</strong></span> <span class='ocrx_word' id='word_1_7' title='bbox 1100 238 1386 303; x_wconf 87' lang='lat' dir='ltr'><strong>lubentius</strong></span> <span class='ocrx_word' id='word_1_8' title='bbox 1409 261 1544 325; x_wconf 86' lang='lat' dir='ltr'><strong>ego,</strong></span> <span class='ocrx_word' id='word_1_9' title='bbox 1565 245 1794 304; x_wconf 87' lang='lat' dir='ltr'><strong>muneri</strong></span> <span class='ocrx_word' id='word_1_10' title='bbox 1823 242 1929 307; x_wconf 88' lang='lat' dir='ltr'><strong>do·</strong></span> 
     </span>
     <span class='ocr_line' id='line_1_3' title="bbox 72 325 1931 412; baseline -0.001 -20"><span class='ocrx_word' id='word_1_11' title='bbox 72 341 77 355; x_wconf 84' lang='lat'><em>&#39;</em></span> <span class='ocrx_word' id='word_1_12' title='bbox 115 330 284 393; x_wconf 88' lang='lat' dir='ltr'><strong>cendi</strong></span> <span class='ocrx_word' id='word_1_13' title='bbox 317 330 555 412; x_wconf 85' lang='lat' dir='ltr'><strong>publico</strong></span> <span class='ocrx_word' id='word_1_14' title='bbox 577 325 866 405; x_wconf 82' lang='lat' dir='ltr'><strong>admOtUS,</strong></span> <span class='ocrx_word' id='word_1_15' title='bbox 903 327 1178 385; x_wconf 90' lang='lat' dir='ltr'><strong>iuuenum</strong></span> <span class='ocrx_word' id='word_1_16' title='bbox 1207 328 1433 388; x_wconf 87' lang='lat' dir='ltr'><strong>animos</strong></span> <span class='ocrx_word' id='word_1_17' title='bbox 1465 326 1540 387; x_wconf 89' lang='lat' dir='ltr'><strong>ad</strong></span> <span class='ocrx_word' id='word_1_18' title='bbox 1580 326 1721 388; x_wconf 89' lang='lat' dir='ltr'><strong>haec</strong></span> <span class='ocrx_word' id='word_1_19' title='bbox 1751 327 1931 391; x_wconf 89' lang='lat' dir='ltr'><strong>studia</strong></span> 
     </span>
     <span class='ocr_line' id='line_1_4' title="bbox 114 407 1955 494; baseline -0.003 -15"><span class='ocrx_word' id='word_1_20' title='bbox 114 414 450 491; x_wconf 76' lang='lat' dir='ltr'><strong>incendere,</strong></span> <span class='ocrx_word' id='word_1_21' title='bbox 493 410 752 473; x_wconf 86' lang='lat' dir='ltr'><strong>incensos</strong></span> <span class='ocrx_word' id='word_1_22' title='bbox 789 407 1016 470; x_wconf 85' lang='lat' dir='ltr'><strong>erudire</strong></span> <span class='ocrx_word' id='word_1_23' title='bbox 1051 409 1375 492; x_wconf 86' lang='lat' dir='ltr'><strong>cupiebam,</strong></span> <span class='ocrx_word' id='word_1_24' title='bbox 1412 411 1745 494; x_wconf 83' lang='lat' dir='ltr'><strong>praesertim</strong></span> <span class='ocrx_word' id='word_1_25' title='bbox 1795 435 1955 476; x_wconf 28' lang='lat' dir='ltr'><strong>cums</strong></span> 
     </span>
     <span class='ocr_line' id='line_1_5' title="bbox 116 494 1932 577; baseline -0.002 -14"><span class='ocrx_word' id='word_1_26' title='bbox 116 521 270 563; x_wconf 83' lang='lat' dir='ltr'><strong>anno</strong></span> <span class='ocrx_word' id='word_1_27' title='bbox 310 511 378 576; x_wconf 79' lang='lat'><strong>38</strong></span> <span class='ocrx_word' id='word_1_28' title='bbox 409 496 607 558; x_wconf 85' lang='lat' dir='ltr'><strong>videre</strong></span> <span class='ocrx_word' id='word_1_29' title='bbox 627 494 774 556; x_wconf 89' lang='lat' dir='ltr'><strong>mihi</strong></span> <span class='ocrx_word' id='word_1_30' title='bbox 797 496 1110 577; x_wconf 88' lang='lat' dir='ltr'><strong>contigerit</strong></span> <span class='ocrx_word' id='word_1_31' title='bbox 1145 515 1458 557; x_wconf 74' lang='lat' dir='ltr'><strong>LtNNAm</strong></span> <span class='ocrx_word' id='word_1_32' title='bbox 1495 495 1674 558; x_wconf 87' lang='lat' dir='ltr'><strong>nostri</strong></span> <span class='ocrx_word' id='word_1_33' title='bbox 1709 497 1932 559; x_wconf 77' lang='lat' dir='ltr'><strong>Genera</strong></span> 
     </span>
     <span class='ocr_line' id='line_1_6' title="bbox 107 577 1932 670; baseline -0.002 -24"><span class='ocrx_word' id='word_1_34' title='bbox 107 585 463 670; x_wconf 77' lang='lat' dir='ltr'><strong>plantarum.</strong></span> <span class='ocrx_word' id='word_1_35' title='bbox 505 623 514 627; x_wconf 86' lang='lat'>-</span> <span class='ocrx_word' id='word_1_36' title='bbox 549 579 958 665; x_wconf 62' lang='lat' dir='ltr'><strong>Quoscumque</strong></span> <span class='ocrx_word' id='word_1_37' title='bbox 994 577 1344 661; x_wconf 89' lang='lat' dir='ltr'><strong>scriptorum</strong></span> <span class='ocrx_word' id='word_1_38' title='bbox 1377 582 1780 663; x_wconf 86' lang='lat' dir='ltr'><strong>antiquorum,</strong></span> <span class='ocrx_word' id='word_1_39' title='bbox 1813 604 1932 644; x_wconf 90' lang='lat' dir='ltr'><strong>me-</strong></span> 
     </span>
     <span class='ocr_line' id='line_1_7' title="bbox 117 661 1933 751; baseline 0 -22"><span class='ocrx_word' id='word_1_40' title='bbox 117 668 370 747; x_wconf 89' lang='lat' dir='ltr'><strong>diorum,</strong></span> <span class='ocrx_word' id='word_1_41' title='bbox 400 668 793 726; x_wconf 73' lang='lat' dir='ltr'><strong>recentiorum</strong></span> <span class='ocrx_word' id='word_1_42' title='bbox 814 661 1197 743; x_wconf 80' lang='lat' dir='ltr'><strong>consulebam,</strong></span> <span class='ocrx_word' id='word_1_43' title='bbox 1231 665 1307 724; x_wconf 90' lang='lat' dir='ltr'><strong>illi</strong></span> <span class='ocrx_word' id='word_1_44' title='bbox 1332 686 1429 725; x_wconf 93' lang='lat' dir='ltr'><strong>me</strong></span> <span class='ocrx_word' id='word_1_45' title='bbox 1457 667 1653 729; x_wconf 90' lang='lat' dir='ltr'><strong>multis</strong></span> <span class='ocrx_word' id='word_1_46' title='bbox 1675 667 1933 751; x_wconf 76' lang='lat' dir='ltr'><strong>synony-</strong></span> 
     </span>
     <span class='ocr_line' id='line_1_8' title="bbox 115 747 1934 835; baseline 0.001 -22"><span class='ocrx_word' id='word_1_47' title='bbox 115 755 252 824; x_wconf 83' lang='lat' dir='ltr'><strong>miS,</strong></span> <span class='ocrx_word' id='word_1_48' title='bbox 293 751 701 832; x_wconf 86' lang='lat' dir='ltr'><strong>homonymis,</strong></span> <span class='ocrx_word' id='word_1_49' title='bbox 734 747 1212 831; x_wconf 74' lang='lat' dir='ltr'><strong>descriptionibus</strong></span> <span class='ocrx_word' id='word_1_50' title='bbox 1248 748 1531 831; x_wconf 82' lang='lat' dir='ltr'><strong>obscuriS,</strong></span> <span class='ocrx_word' id='word_1_51' title='bbox 1562 753 1934 835; x_wconf 84' lang='lat' dir='ltr'><strong>incompletis</strong></span> 
     </span>
     <span class='ocr_line' id='line_1_9' title="bbox 116 831 1936 922; baseline 0.002 -25"><span class='ocrx_word' id='word_1_52' title='bbox 116 836 404 920; x_wconf 81' lang='lat' dir='ltr'>ambiguis</span> <span class='ocrx_word' id='word_1_53' title='bbox 429 834 699 896; x_wconf 88' lang='lat' dir='ltr'><strong>onustum</strong></span> <span class='ocrx_word' id='word_1_54' title='bbox 715 885 731 915; x_wconf 90' lang='lat'><strong>,</strong></span> <span class='ocrx_word' id='word_1_55' title='bbox 768 854 905 895; x_wconf 84' lang='lat' dir='ltr'><strong>vera</strong></span> <span class='ocrx_word' id='word_1_56' title='bbox 939 851 996 894; x_wconf 95' lang='lat' dir='ltr'><strong>et</strong></span> <span class='ocrx_word' id='word_1_57' title='bbox 1020 831 1278 895; x_wconf 67' lang='lat' dir='ltr'><strong>distin&amp;a</strong></span> <span class='ocrx_word' id='word_1_58' title='bbox 1303 838 1643 918; x_wconf 79' lang='lat' dir='ltr'><strong>cognitione</strong></span> <span class='ocrx_word' id='word_1_59' title='bbox 1667 859 1936 922; x_wconf 70' lang='lat' dir='ltr'><strong>vacuum,</strong></span> 
     </span>
     <span class='ocr_line' id='line_1_10' title="bbox 118 916 1613 1003; baseline -0.001 -19"><span class='ocrx_word' id='word_1_60' title='bbox 118 921 509 984; x_wconf 77' lang='lat' dir='ltr'><strong>dimittebant:</strong></span> <span class='ocrx_word' id='word_1_61' title='bbox 555 938 622 982; x_wconf 86' lang='lat' dir='ltr'><strong>vt</strong></span> <span class='ocrx_word' id='word_1_62' title='bbox 658 920 875 1003; x_wconf 83' lang='lat' dir='ltr'><strong>saepius</strong></span> <span class='ocrx_word' id='word_1_63' title='bbox 901 916 1213 979; x_wconf 89' lang='lat' dir='ltr'><strong>dicendum</strong></span> <span class='ocrx_word' id='word_1_64' title='bbox 1239 919 1386 981; x_wconf 87' lang='lat' dir='ltr'><strong>mihi</strong></span> <span class='ocrx_word' id='word_1_65' title='bbox 1409 919 1581 983; x_wconf 86' lang='lat' dir='ltr'><strong>fuerit</strong></span> <span class='ocrx_word' id='word_1_66' title='bbox 1594 945 1613 983; x_wconf 79' lang='lat' dir='ltr'><strong>z.</strong></span> 
     </span>
     <span class='ocr_line' id='line_1_11' title="bbox 797 1001 1263 1086; baseline -0.002 -22"><span class='ocrx_word' id='word_1_67' title='bbox 797 1005 1028 1083; x_wconf 75' lang='lat' dir='ltr'><strong>Fecistis</strong></span> <span class='ocrx_word' id='word_1_68' title='bbox 1058 1001 1263 1086; x_wconf 78' lang='lat' dir='ltr'><strong>probe:</strong></span> 
     </span>
     <span class='ocr_line' id='line_1_12' title="bbox 432 1088 1624 1173; baseline 0.001 -21"><span class='ocrx_word' id='word_1_69' title='bbox 432 1091 709 1152; x_wconf 76' lang='lat' dir='ltr'><strong>Incertior</strong></span> <span class='ocrx_word' id='word_1_70' title='bbox 732 1089 870 1170; x_wconf 76' lang='lat' dir='ltr'><strong>sttm</strong></span> <span class='ocrx_word' id='word_1_71' title='bbox 911 1088 1119 1168; x_wconf 74' lang='lat' dir='ltr'><strong>multe,</strong></span> <span class='ocrx_word' id='word_1_72' title='bbox 1177 1109 1352 1173; x_wconf 77' lang='lat' dir='ltr'><strong>quam</strong></span> <span class='ocrx_word' id='word_1_73' title='bbox 1391 1088 1624 1153; x_wconf 76' lang='lat' dir='ltr'><strong>dudum.</strong></span> 
     </span>
     <span class='ocr_line' id='line_1_13' title="bbox 118 1187 1937 1276; baseline 0.001 -21"><span class='ocrx_word' id='word_1_74' title='bbox 118 1191 246 1276; x_wconf 77' lang='lat' dir='ltr'><strong>Ipse</strong></span> <span class='ocrx_word' id='word_1_75' title='bbox 269 1190 585 1271; x_wconf 75' lang='lat' dir='ltr'><strong>tentabam,</strong></span> <span class='ocrx_word' id='word_1_76' title='bbox 631 1211 766 1252; x_wconf 91' lang='lat' dir='ltr'><strong>cum</strong></span> <span class='ocrx_word' id='word_1_77' title='bbox 803 1210 956 1250; x_wconf 88' lang='lat' dir='ltr'><strong>anno</strong></span> <span class='ocrx_word' id='word_1_78' title='bbox 1008 1211 1079 1268; x_wconf 82' lang='lat'><strong>35</strong></span> <span class='ocrx_word' id='word_1_79' title='bbox 1119 1188 1408 1251; x_wconf 78' lang='lat' dir='ltr'><strong>Elementa</strong></span> <span class='ocrx_word' id='word_1_80' title='bbox 1439 1187 1813 1275; x_wconf 68' lang='lat' dir='ltr'><strong>philcffophisze</strong></span> <span class='ocrx_word' id='word_1_81' title='bbox 1843 1213 1937 1256; x_wconf 83' lang='lat' dir='ltr'><strong>na·</strong></span> 
     </span>
     <span class='ocr_line' id='line_1_14' title="bbox 120 1273 1937 1362; baseline 0.002 -24"><span class='ocrx_word' id='word_1_82' title='bbox 120 1277 310 1338; x_wconf 80' lang='lat' dir='ltr'><strong>ruralis</strong></span> <span class='ocrx_word' id='word_1_83' title='bbox 335 1274 648 1356; x_wconf 73' lang='lat' dir='ltr'><strong>edidissem,</strong></span> <span class='ocrx_word' id='word_1_84' title='bbox 673 1273 888 1357; x_wconf 88' lang='lat' dir='ltr'><strong>lapides</strong></span> <span class='ocrx_word' id='word_1_85' title='bbox 914 1273 1026 1336; x_wconf 90' lang='lat' dir='ltr'><strong>hos</strong></span> <span class='ocrx_word' id='word_1_86' title='bbox 1051 1295 1324 1355; x_wconf 87' lang='lat' dir='ltr'><strong>mouere,</strong></span> <span class='ocrx_word' id='word_1_87' title='bbox 1354 1274 1611 1338; x_wconf 89' lang='lat' dir='ltr'><strong>chemiae</strong></span> <span class='ocrx_word' id='word_1_88' title='bbox 1635 1280 1937 1362; x_wconf 83' lang='lat' dir='ltr'><strong>principiis</strong></span> 
     </span>
     <span class='ocr_line' id='line_1_15' title="bbox 118 1359 1937 1438; baseline 0.001 -15"><span class='ocrx_word' id='word_1_89' title='bbox 118 1365 179 1424; x_wconf 92' lang='lat' dir='ltr'><strong>in</strong></span> <span class='ocrx_word' id='word_1_90' title='bbox 201 1360 507 1423; x_wconf 84' lang='lat' dir='ltr'><strong>subsidium</strong></span> <span class='ocrx_word' id='word_1_91' title='bbox 521 1362 757 1422; x_wconf 85' lang='lat' dir='ltr'><strong>vocatis.</strong></span> <span class='ocrx_word' id='word_1_92' title='bbox 803 1359 961 1421; x_wconf 88' lang='lat' dir='ltr'><strong>Cum</strong></span> <span class='ocrx_word' id='word_1_93' title='bbox 975 1380 1119 1421; x_wconf 86' lang='lat' dir='ltr'><strong>vero</strong></span> <span class='ocrx_word' id='word_1_94' title='bbox 1134 1381 1287 1421; x_wconf 85' lang='lat' dir='ltr'><strong>anno</strong></span> <span class='ocrx_word' id='word_1_95' title='bbox 1309 1371 1378 1438; x_wconf 83' lang='lat'><strong>38</strong></span> <span class='ocrx_word' id='word_1_96' title='bbox 1396 1360 1467 1422; x_wconf 92' lang='lat' dir='ltr'><strong>D.</strong></span> <span class='ocrx_word' id='word_1_97' title='bbox 1498 1382 1533 1422; x_wconf 90' lang='lat'><strong>1.</strong></span> <span class='ocrx_word' id='word_1_98' title='bbox 1563 1383 1595 1422; x_wconf 86' lang='lat'><strong>1.</strong></span> <span class='ocrx_word' id='word_1_99' title='bbox 1624 1384 1703 1424; x_wconf 90' lang='lat' dir='ltr'><strong>LA</strong></span> <span class='ocrx_word' id='word_1_100' title='bbox 1721 1384 1776 1424; x_wconf 89' lang='lat' dir='ltr'><strong>w</strong></span> <span class='ocrx_word' id='word_1_101' title='bbox 1795 1384 1937 1425; x_wconf 74' lang='lat' dir='ltr'><strong>soN</strong></span> 
     </span>
     <span class='ocr_line' id='line_1_16' title="bbox 121 1443 1935 1529; baseline 0.001 -21"><span class='ocrx_word' id='word_1_102' title='bbox 121 1449 182 1508; x_wconf 87' lang='lat' dir='ltr'><strong>in</strong></span> <span class='ocrx_word' id='word_1_103' title='bbox 217 1449 417 1508; x_wconf 87' lang='lat' dir='ltr'><strong>itinere</strong></span> <span class='ocrx_word' id='word_1_104' title='bbox 457 1445 556 1506; x_wconf 89' lang='lat' dir='ltr'><strong>suo</strong></span> <span class='ocrx_word' id='word_1_105' title='bbox 591 1467 687 1507; x_wconf 91' lang='lat' dir='ltr'><strong>me</strong></span> <span class='ocrx_word' id='word_1_106' title='bbox 712 1445 973 1506; x_wconf 86' lang='lat' dir='ltr'><strong>inuiseret</strong></span> <span class='ocrx_word' id='word_1_107' title='bbox 1012 1463 1068 1505; x_wconf 90' lang='lat' dir='ltr'><strong>et</strong></span> <span class='ocrx_word' id='word_1_108' title='bbox 1098 1443 1360 1506; x_wconf 85' lang='lat' dir='ltr'><strong>viderem</strong></span> <span class='ocrx_word' id='word_1_109' title='bbox 1395 1445 1637 1526; x_wconf 50' lang='lat' dir='ltr'><strong>&amp;stema</strong></span> <span class='ocrx_word' id='word_1_110' title='bbox 1676 1461 1935 1529; x_wconf 73' lang='lat' dir='ltr'><strong>naturae,</strong></span> 
     </span>
     <span class='ocr_line' id='line_1_17' title="bbox 119 1530 1936 1614; baseline 0.002 -22"><span class='ocrx_word' id='word_1_111' title='bbox 119 1531 287 1613; x_wconf 88' lang='lat' dir='ltr'><strong>quod</strong></span> <span class='ocrx_word' id='word_1_112' title='bbox 323 1531 446 1593; x_wconf 87' lang='lat' dir='ltr'><strong>solo</strong></span> <span class='ocrx_word' id='word_1_113' title='bbox 479 1533 719 1592; x_wconf 87' lang='lat' dir='ltr'><strong>nomine</strong></span> <span class='ocrx_word' id='word_1_114' title='bbox 755 1551 825 1591; x_wconf 77' lang='lat' dir='ltr'><strong>ex</strong></span> <span class='ocrx_word' id='word_1_115' title='bbox 856 1530 1214 1614; x_wconf 75' lang='lat' dir='ltr'><strong>praefatione</strong></span> <span class='ocrx_word' id='word_1_116' title='bbox 1265 1530 1550 1592; x_wconf 74' lang='lat' dir='ltr'><strong>Generum</strong></span> <span class='ocrx_word' id='word_1_117' title='bbox 1590 1531 1936 1614; x_wconf 75' lang='lat' dir='ltr'><strong>plantarum</strong></span> 
     </span>
     <span class='ocr_line' id='line_1_18' title="bbox 118 1615 1936 1699; baseline 0.001 -19"><span class='ocrx_word' id='word_1_118' title='bbox 118 1638 427 1696; x_wconf 89' lang='lat' dir='ltr'><strong>noueram,</strong></span> <span class='ocrx_word' id='word_1_119' title='bbox 474 1615 661 1677; x_wconf 87' lang='lat' dir='ltr'><strong>statim</strong></span> <span class='ocrx_word' id='word_1_120' title='bbox 693 1634 952 1677; x_wconf 87' lang='lat' dir='ltr'><strong>mentem</strong></span> <span class='ocrx_word' id='word_1_121' title='bbox 987 1636 1178 1676; x_wconf 90' lang='lat' dir='ltr'><strong>meam</strong></span> <span class='ocrx_word' id='word_1_122' title='bbox 1219 1617 1280 1676; x_wconf 90' lang='lat' dir='ltr'><strong>in</strong></span> <span class='ocrx_word' id='word_1_123' title='bbox 1314 1634 1540 1677; x_wconf 87' lang='lat' dir='ltr'><strong>tantum</strong></span> <span class='ocrx_word' id='word_1_124' title='bbox 1577 1621 1824 1699; x_wconf 82' lang='lat' dir='ltr'><strong>mutaui,</strong></span> <span class='ocrx_word' id='word_1_125' title='bbox 1868 1638 1936 1682; x_wconf 88' lang='lat' dir='ltr'><strong>vt</strong></span> 
     </span>
     <span class='ocr_line' id='line_1_19' title="bbox 117 1699 1936 1785; baseline 0.003 -22"><span class='ocrx_word' id='word_1_126' title='bbox 117 1721 402 1785; x_wconf 89' lang='lat' dir='ltr'><strong>magnum</strong></span> <span class='ocrx_word' id='word_1_127' title='bbox 421 1701 577 1763; x_wconf 88' lang='lat' dir='ltr'><strong>hunc</strong></span> <span class='ocrx_word' id='word_1_128' title='bbox 601 1699 978 1762; x_wconf 63' lang='lat' dir='ltr'><strong>architeffiim</strong></span> <span class='ocrx_word' id='word_1_129' title='bbox 1000 1702 1155 1782; x_wconf 87' lang='lat' dir='ltr'><strong>sequi</strong></span> <span class='ocrx_word' id='word_1_130' title='bbox 1179 1701 1498 1782; x_wconf 74' lang='lat' dir='ltr'><strong>maluerim,</strong></span> <span class='ocrx_word' id='word_1_131' title='bbox 1516 1724 1693 1782; x_wconf 87' lang='lat' dir='ltr'><strong>quam</strong></span> <span class='ocrx_word' id='word_1_132' title='bbox 1710 1725 1936 1768; x_wconf 91' lang='lat' dir='ltr'><strong>nouum</strong></span> 
     </span>
     <span class='ocr_line' id='line_1_20' title="bbox 118 1784 1935 1871; baseline 0.002 -22"><span class='ocrx_word' id='word_1_133' title='bbox 118 1786 332 1850; x_wconf 88' lang='lat' dir='ltr'><strong>struere</strong></span> <span class='ocrx_word' id='word_1_134' title='bbox 371 1784 722 1867; x_wconf 86' lang='lat' dir='ltr'><strong>aedificium,</strong></span> <span class='ocrx_word' id='word_1_135' title='bbox 765 1804 939 1866; x_wconf 86' lang='lat' dir='ltr'><strong>atque</strong></span> <span class='ocrx_word' id='word_1_136' title='bbox 975 1785 1048 1847; x_wconf 93' lang='lat' dir='ltr'><strong>de</strong></span> <span class='ocrx_word' id='word_1_137' title='bbox 1088 1784 1320 1848; x_wconf 87' lang='lat' dir='ltr'><strong>edendo</strong></span> <span class='ocrx_word' id='word_1_138' title='bbox 1355 1786 1512 1871; x_wconf 90' lang='lat' dir='ltr'><strong>apud</strong></span> <span class='ocrx_word' id='word_1_139' title='bbox 1534 1808 1644 1849; x_wconf 92' lang='lat' dir='ltr'><strong>nos</strong></span> <span class='ocrx_word' id='word_1_140' title='bbox 1681 1807 1738 1850; x_wconf 92' lang='lat' dir='ltr'><strong>et</strong></span> <span class='ocrx_word' id='word_1_141' title='bbox 1768 1788 1935 1853; x_wconf 84' lang='lat' dir='ltr'><strong>simul</strong></span> 
     </span>
     <span class='ocr_line' id='line_1_21' title="bbox 117 1870 1937 1956; baseline 0.003 -25"><span class='ocrx_word' id='word_1_142' title='bbox 117 1873 178 1931; x_wconf 90' lang='lat' dir='ltr'><strong>in</strong></span> <span class='ocrx_word' id='word_1_143' title='bbox 203 1874 591 1954; x_wconf 80' lang='lat' dir='ltr'><strong>germanicam</strong></span> <span class='ocrx_word' id='word_1_144' title='bbox 607 1872 863 1955; x_wconf 82' lang='lat' dir='ltr'><strong>linguam</strong></span> <span class='ocrx_word' id='word_1_145' title='bbox 887 1870 1343 1934; x_wconf 88' lang='lat' dir='ltr'><strong>transfundendo</strong></span> <span class='ocrx_word' id='word_1_146' title='bbox 1371 1872 1489 1934; x_wconf 92' lang='lat' dir='ltr'><strong>hoc</strong></span> <span class='ocrx_word' id='word_1_147' title='bbox 1511 1872 1811 1956; x_wconf 86' lang='lat' dir='ltr'><strong>systemate</strong></span> <span class='ocrx_word' id='word_1_148' title='bbox 1833 1875 1937 1938; x_wconf 91' lang='lat' dir='ltr'><strong>sol-</strong></span> 
     </span>
     <span class='ocr_line' id='line_1_22' title="bbox 118 1955 1934 2023; baseline 0.003 -7"><span class='ocrx_word' id='word_1_149' title='bbox 118 1955 302 2016; x_wconf 88' lang='lat' dir='ltr'><strong>licitus</strong></span> <span class='ocrx_word' id='word_1_150' title='bbox 326 1955 422 2015; x_wconf 89' lang='lat' dir='ltr'><strong>fui.</strong></span> <span class='ocrx_word' id='word_1_151' title='bbox 455 1956 761 2018; x_wconf 69' lang='lat' dir='ltr'><strong>Leffiones</strong></span> <span class='ocrx_word' id='word_1_152' title='bbox 787 1978 947 2017; x_wconf 89' lang='lat' dir='ltr'><strong>meae</strong></span> <span class='ocrx_word' id='word_1_153' title='bbox 969 1959 1028 2017; x_wconf 91' lang='lat' dir='ltr'><strong>in</strong></span> <span class='ocrx_word' id='word_1_154' title='bbox 1038 1955 1358 2018; x_wconf 84' lang='lat' dir='ltr'><strong>Historiam</strong></span> <span class='ocrx_word' id='word_1_155' title='bbox 1383 1959 1698 2019; x_wconf 87' lang='lat' dir='ltr'><strong>naturalem</strong></span> <span class='ocrx_word' id='word_1_156' title='bbox 1723 1960 1934 2023; x_wconf 88' lang='lat' dir='ltr'><strong>institu-</strong></span> 
     </span>
     <span class='ocr_line' id='line_1_23' title="bbox 121 2039 1934 2126; baseline 0.004 -26"><span class='ocrx_word' id='word_1_157' title='bbox 121 2056 210 2100; x_wconf 86' lang='lat' dir='ltr'><strong>tae</strong></span> <span class='ocrx_word' id='word_1_158' title='bbox 244 2039 388 2099; x_wconf 88' lang='lat' dir='ltr'><strong>mihi</strong></span> <span class='ocrx_word' id='word_1_159' title='bbox 421 2039 525 2121; x_wconf 79' lang='lat' dir='ltr'><strong>ipsi</strong></span> <span class='ocrx_word' id='word_1_160' title='bbox 567 2058 622 2100; x_wconf 90' lang='lat' dir='ltr'><strong>et</strong></span> <span class='ocrx_word' id='word_1_161' title='bbox 667 2039 1022 2101; x_wconf 76' lang='lat' dir='ltr'><strong>auditoribus</strong></span> <span class='ocrx_word' id='word_1_162' title='bbox 1074 2044 1219 2102; x_wconf 85' lang='lat' dir='ltr'><strong>meis</strong></span> <span class='ocrx_word' id='word_1_163' title='bbox 1275 2043 1463 2103; x_wconf 90' lang='lat' dir='ltr'><strong>multo</strong></span> <span class='ocrx_word' id='word_1_164' title='bbox 1511 2047 1700 2126; x_wconf 81' lang='lat' dir='ltr'><strong>magis</strong></span> <span class='ocrx_word' id='word_1_165' title='bbox 1752 2045 1934 2108; x_wconf 65' lang='lat' dir='ltr'><strong>facsiae</strong></span> 
     </span>
     <span class='ocr_line' id='line_1_24' title="bbox 119 2122 1934 2207; baseline 0.004 -23"><span class='ocrx_word' id='word_1_166' title='bbox 119 2123 247 2185; x_wconf 82' lang='lat' dir='ltr'><strong>fiint</strong></span> <span class='ocrx_word' id='word_1_167' title='bbox 269 2122 548 2184; x_wconf 86' lang='lat' dir='ltr'><strong>iucundae</strong></span> <span class='ocrx_word' id='word_1_168' title='bbox 582 2143 638 2184; x_wconf 85' lang='lat' dir='ltr'><strong>et</strong></span> <span class='ocrx_word' id='word_1_169' title='bbox 661 2124 959 2206; x_wconf 87' lang='lat' dir='ltr'><strong>proficuae</strong></span> <span class='ocrx_word' id='word_1_170' title='bbox 986 2125 1128 2186; x_wconf 88' lang='lat' dir='ltr'><strong>dum</strong></span> <span class='ocrx_word' id='word_1_171' title='bbox 1157 2128 1420 2188; x_wconf 86' lang='lat' dir='ltr'><strong>Tantum</strong></span> <span class='ocrx_word' id='word_1_172' title='bbox 1444 2128 1811 2207; x_wconf 80' lang='lat' dir='ltr'><strong>sequeremur</strong></span> <span class='ocrx_word' id='word_1_173' title='bbox 1833 2131 1934 2192; x_wconf 82' lang='lat' dir='ltr'><strong>du·</strong></span> 
     </span>
     <span class='ocr_line' id='line_1_25' title="bbox 120 2208 1935 2291; baseline 0.007 -24"><span class='ocrx_word' id='word_1_174' title='bbox 120 2228 264 2268; x_wconf 85' lang='lat' dir='ltr'><strong>cem.</strong></span> <span class='ocrx_word' id='word_1_175' title='bbox 350 2209 469 2268; x_wconf 81' lang='lat' dir='ltr'><strong>Vix</strong></span> <span class='ocrx_word' id='word_1_176' title='bbox 508 2208 619 2268; x_wconf 87' lang='lat' dir='ltr'><strong>dici</strong></span> <span class='ocrx_word' id='word_1_177' title='bbox 643 2209 832 2290; x_wconf 85' lang='lat' dir='ltr'><strong>potest</strong></span> <span class='ocrx_word' id='word_1_178' title='bbox 869 2230 1150 2291; x_wconf 79' lang='lat' dir='ltr'><strong>quantum</strong></span> <span class='ocrx_word' id='word_1_179' title='bbox 1176 2211 1311 2271; x_wconf 88' lang='lat' dir='ltr'><strong>hinc</strong></span> <span class='ocrx_word' id='word_1_180' title='bbox 1338 2213 1534 2274; x_wconf 67' lang='lat' dir='ltr'><strong>aue‘ius</strong></span> <span class='ocrx_word' id='word_1_181' title='bbox 1568 2214 1740 2276; x_wconf 78' lang='lat' dir='ltr'><strong>fuerit</strong></span> <span class='ocrx_word' id='word_1_182' title='bbox 1766 2237 1935 2279; x_wconf 86' lang='lat' dir='ltr'><strong>amor</strong></span> 
     </span>
     <span class='ocr_line' id='line_1_26' title="bbox 119 2291 1931 2378; baseline 0.006 -24"><span class='ocrx_word' id='word_1_183' title='bbox 119 2295 179 2354; x_wconf 91' lang='lat' dir='ltr'><strong>in</strong></span> <span class='ocrx_word' id='word_1_184' title='bbox 211 2291 530 2354; x_wconf 85' lang='lat' dir='ltr'><strong>Historiam</strong></span> <span class='ocrx_word' id='word_1_185' title='bbox 572 2295 912 2376; x_wconf 82' lang='lat' dir='ltr'><strong>naturalem,</strong></span> <span class='ocrx_word' id='word_1_186' title='bbox 982 2296 1176 2378; x_wconf 84' lang='lat' dir='ltr'><strong>plures</strong></span> <span class='ocrx_word' id='word_1_187' title='bbox 1229 2296 1509 2358; x_wconf 85' lang='lat' dir='ltr'><strong>institutae</strong></span> <span class='ocrx_word' id='word_1_188' title='bbox 1563 2300 1691 2362; x_wconf 89' lang='lat' dir='ltr'><strong>sunt</strong></span> <span class='ocrx_word' id='word_1_189' title='bbox 1733 2321 1931 2364; x_wconf 88' lang='lat' dir='ltr'><strong>rerum</strong></span> 
     </span>
     <span class='ocr_line' id='line_1_27' title="bbox 119 2377 1931 2466; baseline 0.006 -28"><span class='ocrx_word' id='word_1_190' title='bbox 119 2378 458 2438; x_wconf 85' lang='lat' dir='ltr'><strong>naturalium</strong></span> <span class='ocrx_word' id='word_1_191' title='bbox 506 2377 907 2460; x_wconf 69' lang='lat' dir='ltr'><strong>colleffioneS,</strong></span> <span class='ocrx_word' id='word_1_192' title='bbox 951 2402 1022 2442; x_wconf 83' lang='lat' dir='ltr'><strong>ex</strong></span> <span class='ocrx_word' id='word_1_193' title='bbox 1066 2384 1209 2442; x_wconf 86' lang='lat' dir='ltr'><strong>meis</strong></span> <span class='ocrx_word' id='word_1_194' title='bbox 1251 2382 1368 2463; x_wconf 86' lang='lat' dir='ltr'><strong>his,</strong></span> <span class='ocrx_word' id='word_1_195' title='bbox 1427 2384 1519 2444; x_wconf 84' lang='lat' dir='ltr'><strong>vel</strong></span> <span class='ocrx_word' id='word_1_196' title='bbox 1564 2387 1761 2466; x_wconf 88' lang='lat' dir='ltr'><strong>potius</strong></span> <span class='ocrx_word' id='word_1_197' title='bbox 1804 2387 1931 2448; x_wconf 87' lang='lat' dir='ltr'><strong>Ma·</strong></span> 
     </span>
     <span class='ocr_line' id='line_1_28' title="bbox 117 2463 1932 2556; baseline 0.006 -34"><span class='ocrx_word' id='word_1_198' title='bbox 117 2464 222 2545; x_wconf 87' lang='lat' dir='ltr'><strong>gni</strong></span> <span class='ocrx_word' id='word_1_199' title='bbox 266 2483 297 2523; x_wconf 83' lang='lat' dir='ltr'><strong>L</strong></span> <span class='ocrx_word' id='word_1_200' title='bbox 322 2482 338 2523; x_wconf 87' lang='lat'>1</span> <span class='ocrx_word' id='word_1_201' title='bbox 365 2483 407 2523; x_wconf 83' lang='lat' dir='ltr'>N</span> <span class='ocrx_word' id='word_1_202' title='bbox 435 2484 476 2523; x_wconf 81' lang='lat' dir='ltr'>N</span> <span class='ocrx_word' id='word_1_203' title='bbox 502 2486 534 2523; x_wconf 91' lang='lat' dir='ltr'>A</span> <span class='ocrx_word' id='word_1_204' title='bbox 560 2485 592 2524; x_wconf 81' lang='lat' dir='ltr'>E</span> <span class='ocrx_word' id='word_1_205' title='bbox 623 2485 637 2524; x_wconf 92' lang='lat'>1</span> <span class='ocrx_word' id='word_1_206' title='bbox 665 2514 680 2544; x_wconf 93' lang='lat'><strong>,</strong></span> <span class='ocrx_word' id='word_1_207' title='bbox 738 2463 1021 2548; x_wconf 82' lang='lat' dir='ltr'><strong>discipulis</strong></span> <span class='ocrx_word' id='word_1_208' title='bbox 1067 2467 1360 2528; x_wconf 74' lang='lat' dir='ltr'><strong>euaserunt</strong></span> <span class='ocrx_word' id='word_1_209' title='bbox 1391 2470 1449 2528; x_wconf 89' lang='lat' dir='ltr'><strong>in</strong></span> <span class='ocrx_word' id='word_1_210' title='bbox 1481 2469 1688 2532; x_wconf 88' lang='lat' dir='ltr'><strong>scholis</strong></span> <span class='ocrx_word' id='word_1_211' title='bbox 1723 2489 1780 2532; x_wconf 88' lang='lat' dir='ltr'><strong>et</strong></span> <span class='ocrx_word' id='word_1_212' title='bbox 1821 2492 1932 2556; x_wconf 89' lang='lat' dir='ltr'><strong>gy-</strong></span> 
     </span>
     <span class='ocr_line' id='line_1_29' title="bbox 114 2545 1932 2627; baseline 0.008 -20"><span class='ocrx_word' id='word_1_213' title='bbox 114 2545 340 2609; x_wconf 81' lang='lat' dir='ltr'><strong>mnasiis</strong></span> <span class='ocrx_word' id='word_1_214' title='bbox 382 2546 728 2627; x_wconf 87' lang='lat' dir='ltr'><strong>quibusdam</strong></span> <span class='ocrx_word' id='word_1_215' title='bbox 784 2549 1060 2612; x_wconf 62' lang='lat' dir='ltr'><strong>doeiores</strong></span> <span class='ocrx_word' id='word_1_216' title='bbox 1117 2550 1406 2613; x_wconf 87' lang='lat' dir='ltr'><strong>Historiae</strong></span> <span class='ocrx_word' id='word_1_217' title='bbox 1458 2557 1742 2618; x_wconf 88' lang='lat' dir='ltr'><strong>naturalis.</strong></span> <span class='ocrx_word' id='word_1_218' title='bbox 1847 2558 1932 2621; x_wconf 86' lang='lat' dir='ltr'><strong>Ea</strong></span> 
     </span>
     <span class='ocr_line' id='line_1_30' title="bbox 116 2631 1930 2717; baseline 0.007 -25"><span class='ocrx_word' id='word_1_219' title='bbox 116 2631 272 2716; x_wconf 85' lang='lat' dir='ltr'><strong>apud</strong></span> <span class='ocrx_word' id='word_1_220' title='bbox 299 2653 407 2693; x_wconf 89' lang='lat' dir='ltr'><strong>nos</strong></span> <span class='ocrx_word' id='word_1_221' title='bbox 437 2631 557 2693; x_wconf 80' lang='lat' dir='ltr'><strong>sieri</strong></span> <span class='ocrx_word' id='word_1_222' title='bbox 573 2655 908 2717; x_wconf 84' lang='lat' dir='ltr'><strong>coeperunt,</strong></span> <span class='ocrx_word' id='word_1_223' title='bbox 926 2659 1070 2716; x_wconf 84' lang='lat' dir='ltr'><strong>quae</strong></span> <span class='ocrx_word' id='word_1_224' title='bbox 1094 2657 1160 2698; x_wconf 89' lang='lat' dir='ltr'><strong>vt</strong></span> <span class='ocrx_word' id='word_1_225' title='bbox 1186 2637 1387 2699; x_wconf 84' lang='lat' dir='ltr'><strong>fierent</strong></span> <span class='ocrx_word' id='word_1_226' title='bbox 1415 2660 1447 2700; x_wconf 91' lang='lat'><strong>1.</strong></span> <span class='ocrx_word' id='word_1_227' title='bbox 1483 2660 1614 2701; x_wconf 65' lang='lat' dir='ltr'><strong>Bao</strong></span> <span class='ocrx_word' id='word_1_228' title='bbox 1633 2662 1689 2702; x_wconf 85' lang='lat' dir='ltr'><strong>w</strong></span> <span class='ocrx_word' id='word_1_229' title='bbox 1706 2663 1738 2702; x_wconf 87' lang='lat' dir='ltr'>A</span> <span class='ocrx_word' id='word_1_230' title='bbox 1755 2663 1785 2703; x_wconf 83' lang='lat' dir='ltr'>L</span> <span class='ocrx_word' id='word_1_231' title='bbox 1802 2664 1885 2703; x_wconf 81' lang='lat' dir='ltr'><strong>Lv</strong></span> <span class='ocrx_word' id='word_1_232' title='bbox 1903 2665 1930 2706; x_wconf 84' lang='lat' dir='ltr'><strong>s</strong></span> 
     </span>
     <span class='ocr_line' id='line_1_31' title="bbox 116 2717 1932 2808; baseline 0.006 -30"><span class='ocrx_word' id='word_1_233' title='bbox 116 2717 176 2778; x_wconf 90' lang='lat' dir='ltr'><strong>in</strong></span> <span class='ocrx_word' id='word_1_234' title='bbox 211 2717 483 2797; x_wconf 76' lang='lat' dir='ltr'><strong>Discmfit</strong></span> <span class='ocrx_word' id='word_1_235' title='bbox 520 2718 582 2777; x_wconf 80' lang='lat' dir='ltr'><strong>de</strong></span> <span class='ocrx_word' id='word_1_236' title='bbox 608 2719 1013 2783; x_wconf 68' lang='lat' dir='ltr'><strong>introducenda</strong></span> <span class='ocrx_word' id='word_1_237' title='bbox 1047 2726 1108 2782; x_wconf 77' lang='lat' dir='ltr'><strong>in</strong></span> <span class='ocrx_word' id='word_1_238' title='bbox 1145 2720 1372 2784; x_wconf 74' lang='lat' dir='ltr'><strong>Scholas</strong></span> <span class='ocrx_word' id='word_1_239' title='bbox 1403 2737 1456 2784; x_wconf 84' lang='lat' dir='ltr'><strong>et</strong></span> <span class='ocrx_word' id='word_1_240' title='bbox 1487 2725 1798 2808; x_wconf 70' lang='lat' dir='ltr'><strong>Gymnqsia</strong></span> <span class='ocrx_word' id='word_1_241' title='bbox 1824 2728 1932 2789; x_wconf 84' lang='lat' dir='ltr'><strong>Hi·</strong></span> 
     </span>
     <span class='ocr_line' id='line_1_32' title="bbox 97 2803 1933 2886; baseline 0.008 -24"><span class='ocrx_word' id='word_1_242' title='bbox 97 2803 309 2880; x_wconf 79' lang='lat' dir='ltr'><strong>storiae</strong></span> <span class='ocrx_word' id='word_1_243' title='bbox 343 2805 628 2867; x_wconf 73' lang='lat' dir='ltr'><strong>naturalis</strong></span> <span class='ocrx_word' id='word_1_244' title='bbox 665 2805 914 2883; x_wconf 61' lang='lat' dir='ltr'><strong>leffiom’,</strong></span> <span class='ocrx_word' id='word_1_245' title='bbox 961 2810 1059 2886; x_wconf 84' lang='lat' dir='ltr'><strong>qui</strong></span> <span class='ocrx_word' id='word_1_246' title='bbox 1087 2808 1336 2868; x_wconf 59' lang='lat' dir='ltr'><strong>Ostia-ae</strong></span> <span class='ocrx_word' id='word_1_247' title='bbox 1363 2808 1677 2872; x_wconf 64' lang='lat' dir='ltr'><strong>Botaemicae</strong></span> <span class='ocrx_word' id='word_1_248' title='bbox 1707 2808 1933 2876; x_wconf 57' lang='lat' dir='ltr'><strong>iunff’tus</strong></span> 
     </span>
     <span class='ocr_line' id='line_1_33' title="bbox 116 2885 1933 2982; baseline 0.007 -34"><span class='ocrx_word' id='word_1_249' title='bbox 116 2885 220 2967; x_wconf 90' lang='lat' dir='ltr'><strong>est,</strong></span> <span class='ocrx_word' id='word_1_250' title='bbox 265 2890 505 2970; x_wconf 87' lang='lat' dir='ltr'><strong>optauit.</strong></span> <span class='ocrx_word' id='word_1_251' title='bbox 621 2890 821 2952; x_wconf 59' lang='grc' dir='ltr'>Αιιὲἒο</span> <span class='ocrx_word' id='word_1_252' title='bbox 856 2894 930 2953; x_wconf 89' lang='lat' dir='ltr'><strong>ita</strong></span> <span class='ocrx_word' id='word_1_253' title='bbox 968 2892 1306 2954; x_wconf 78' lang='lat' dir='ltr'><strong>discentium</strong></span> <span class='ocrx_word' id='word_1_254' title='bbox 1346 2916 1592 2959; x_wconf 85' lang='lat' dir='ltr'><strong>numero</strong></span> <span class='ocrx_word' id='word_1_255' title='bbox 1629 2897 1933 2982; x_wconf 85' lang='lat' dir='ltr'><strong>augebinu·</strong></span> 
     </span>
     <span class='ocr_line' id='line_1_34' title="bbox 113 2970 1931 3062; baseline 0.008 -30"><span class='ocrx_word' id='word_1_256' title='bbox 113 2991 171 3033; x_wconf 89' lang='lat' dir='ltr'><strong>et</strong></span> <span class='ocrx_word' id='word_1_257' title='bbox 207 2970 542 3033; x_wconf 81' lang='lat' dir='ltr'><strong>docentium</strong></span> <span class='ocrx_word' id='word_1_258' title='bbox 587 2996 889 3057; x_wconf 75' lang='lat' dir='ltr'><strong>numerus,</strong></span> <span class='ocrx_word' id='word_1_259' title='bbox 944 2997 1116 3057; x_wconf 81' lang='lat' dir='ltr'><strong>atque</strong></span> <span class='ocrx_word' id='word_1_260' title='bbox 1159 2984 1231 3038; x_wconf 84' lang='lat' dir='ltr'><strong>ita</strong></span> <span class='ocrx_word' id='word_1_261' title='bbox 1276 2977 1525 3041; x_wconf 82' lang='lat' dir='ltr'><strong>studium</strong></span> <span class='ocrx_word' id='word_1_262' title='bbox 1564 2981 1709 3062; x_wconf 84' lang='lat' dir='ltr'><strong>hoc,</strong></span> <span class='ocrx_word' id='word_1_263' title='bbox 1765 2982 1931 3062; x_wconf 87' lang='lat' dir='ltr'><strong>quod</strong></span> 
     </span>
     <span class='ocr_line' id='line_1_35' title="bbox 113 3055 1975 3140; baseline 0.007 -23"><span class='ocrx_word' id='word_1_264' title='bbox 113 3055 237 3118; x_wconf 83' lang='lat' dir='ltr'><strong>fieri</strong></span> <span class='ocrx_word' id='word_1_265' title='bbox 259 3055 448 3139; x_wconf 85' lang='lat' dir='ltr'><strong>potest</strong></span> <span class='ocrx_word' id='word_1_266' title='bbox 467 3077 523 3119; x_wconf 90' lang='lat' dir='ltr'><strong>et</strong></span> <span class='ocrx_word' id='word_1_267' title='bbox 552 3058 738 3140; x_wconf 82' lang='lat' dir='ltr'><strong>debet,</strong></span> <span class='ocrx_word' id='word_1_268' title='bbox 772 3062 1005 3123; x_wconf 83' lang='lat' dir='ltr'><strong>tandem</strong></span> <span class='ocrx_word' id='word_1_269' title='bbox 1033 3065 1339 3125; x_wconf 64' lang='lat' dir='ltr'><strong>vniueriale</strong></span> <span class='ocrx_word' id='word_1_270' title='bbox 1360 3065 1471 3127; x_wconf 82' lang='lat' dir='ltr'><strong>fiet.</strong></span> <span class='ocrx_word' id='word_1_271' title='bbox 1555 3068 1689 3127; x_wconf 83' lang='lat' dir='ltr'><strong>Nec</strong></span> <span class='ocrx_word' id='word_1_272' title='bbox 1717 3088 1932 3131; x_wconf 82' lang='lat' dir='ltr'><strong>vanum</strong></span> <span class='ocrx_word' id='word_1_273' title='bbox 1973 3088 1975 3091; x_wconf 83' lang='lat'>·</span> 
     </span>
     <span class='ocr_line' id='line_1_36' title="bbox 112 3138 1931 3234; baseline 0.008 -34"><span class='ocrx_word' id='word_1_274' title='bbox 112 3138 220 3201; x_wconf 74' lang='lat' dir='ltr'><strong>ess‘e</strong></span> <span class='ocrx_word' id='word_1_275' title='bbox 257 3138 375 3204; x_wconf 91' lang='lat' dir='ltr'><strong>hoc</strong></span> <span class='ocrx_word' id='word_1_276' title='bbox 406 3147 744 3227; x_wconf 86' lang='lat' dir='ltr'><strong>augurium,</strong></span> <span class='ocrx_word' id='word_1_277' title='bbox 798 3169 887 3207; x_wconf 81' lang='lat' dir='ltr'><strong>res</strong></span> <span class='ocrx_word' id='word_1_278' title='bbox 932 3148 1045 3230; x_wconf 83' lang='lat' dir='ltr'><strong>ipsa</strong></span> <span class='ocrx_word' id='word_1_279' title='bbox 1100 3151 1372 3228; x_wconf 86' lang='lat' dir='ltr'><strong>loquitur.</strong></span> <span class='ocrx_word' id='word_1_280' title='bbox 1504 3151 1640 3211; x_wconf 81' lang='lat' dir='ltr'><strong>Post</strong></span> <span class='ocrx_word' id='word_1_281' title='bbox 1679 3157 1931 3234; x_wconf 85' lang='lat' dir='ltr'><strong>primam</strong></span> 
     </span>
     <span class='ocr_line' id='line_1_37' title="bbox 110 3228 1931 3318; baseline 0.007 -29"><span class='ocrx_word' id='word_1_282' title='bbox 110 3228 267 3290; x_wconf 79' lang='lat' dir='ltr'><strong>enim</strong></span> <span class='ocrx_word' id='word_1_283' title='bbox 288 3228 605 3294; x_wconf 80' lang='lat' dir='ltr'><strong>editionem</strong></span> <span class='ocrx_word' id='word_1_284' title='bbox 630 3231 1081 3314; x_wconf 75' lang='lat' dir='ltr'><strong>Lugdunensem</strong></span> <span class='ocrx_word' id='word_1_285' title='bbox 1119 3235 1287 3299; x_wconf 81' lang='lat' dir='ltr'><strong>huius</strong></span> <span class='ocrx_word' id='word_1_286' title='bbox 1311 3234 1626 3318; x_wconf 80' lang='lat' dir='ltr'><strong>systematis</strong></span> <span class='ocrx_word' id='word_1_287' title='bbox 1652 3238 1931 3301; x_wconf 81' lang='lat' dir='ltr'><strong>habemus</strong></span> 
     </span>
     <span class='ocr_line' id='line_1_38' title="bbox 1773 3344 1932 3387; baseline 0.006 -1"><span class='ocrx_word' id='word_1_288' title='bbox 1773 3344 1932 3387; x_wconf 78' lang='lat' dir='ltr'><strong>extra</strong></span> 
     </span>
    </p>
   </div>
  </div>
 </body>
</html>
