2127 3734
617 51 1474 148 PRAEFATIO·

119 222 322 294 Tanto
346 224 528 284 maius
552 222 807 305 pretium
834 219 970 280 huic
995 220 1180 283 labori
1203 221 1281 284 est
1305 220 1783 308 constituendum,
1809 244 1931 308 quo

117 310 306 391 magis
352 306 621 391 expedita
663 308 756 365 via
810 326 966 365 nunc
1013 327 1121 388 per
1160 306 1496 390 ampliffima
1557 309 1699 369 haec
1735 332 1932 394 vregna
2016 369 2020 373 ,

116 411 291 477 patet.
380 392 610 455 Omnes
644 389 919 451 infirmus
960 391 1020 450 in
1044 392 1231 451 lucem
1255 391 1535 474 protraffi
1567 393 1808 455 theffiuri
1840 419 1931 458 na-

116 496 277 539 turae
317 477 414 539 hic
450 481 510 537 in
535 473 895 557 compendio
929 475 1164 554 quidem
1186 525 1201 555 ‚
1243 498 1366 537 non
1401 499 1570 559 parca
1594 497 1784 539 tamen
1816 501 1932 552 ma-

116 585 226 642 nu,
268 561 608 623 offeruntur.
733 558 1016 619 Frmstum
1046 560 1203 620 hunc
1240 559 1512 623 debemus
1545 561 1829 645 stupendo
1855 563 1933 625 illi

117 647 306 710 labori
342 665 398 707 et
434 646 708 706 sollertiae
742 665 1040 722 nunquam
1079 645 1202 705 satis
1250 644 1541 706 mirandae
1562 695 1579 726 ,
1635 668 1745 726 qua
1788 647 1931 711 sum-

119 753 254 794 mus
300 753 332 791 L
359 752 375 790 1
403 751 445 790 N-
474 751 517 789 N
541 750 575 790 A
607 750 641 790 E
665 749 707 789 V
734 748 759 788 s
815 730 876 788 in
918 728 1074 789 suam
1124 728 1466 812 potestatem
1520 728 1744 812 redegit
1789 732 1931 794 haec

121 817 321 878 omnia
348 813 633 894 nobisque
665 811 914 873 tradidit.
1049 813 1127 874 Et
1170 835 1342 893 quam
1382 815 1591 876 multae
1623 807 1834 897 operae
1870 819 1930 877 in

119 902 242 964 hoc
275 901 520 983 negotio
572 898 881 958 exantlatae
934 897 1196 960 nostrum
1241 898 1624 981 conspe&um
1657 899 1944 982 fugiunt?

118 987 276 1049 Non
312 1005 498 1045 vnum
542 985 698 1043 enim
732 982 961 1065 Augiae
1017 982 1298 1044 stabulum
1354 984 1593 1047 Herculi
1644 983 1777 1056 huic
1823 985 1930 1047 fuit

119 1067 576 1155 repurgandum.
675 1067 816 1128 Erat
853 1085 1114 1152 tempus,
1159 1067 1230 1128 de
1254 1089 1375 1148 quo
1402 1069 1679 1152 Virgilius
1711 1073 1887 1131 canit:

315 1155 533 1215 Nauita
578 1171 716 1214 tunc
740 1149 905 1214 stellis
928 1174 1185 1215 numeros
1227 1173 1283 1214 et
1320 1156 1553 1215 nomina
1579 1154 1727 1215 fecit.

122 1240 318 1318 Nqsler
364 1239 543 1323 Eques
588 1236 651 1297 de
668 1237 831 1314 stella
862 1238 1055 1320 polari
1064 1287 1080 1317 ,
1119 1236 1262 1299 dum
1298 1238 1629 1300 animalibus
1643 1288 1660 1320 2
1703 1254 1929 1323 vegeta·

117 1323 357 1405 bilibus,
406 1322 773 1385 mineralibus

613 1427 876 1470 numeros
902 1418 954 1467 et
996 1408 1229 1468 nomina
1252 1403 1422 1485 fecit,

122 1491 438 1572 stellatum,
476 1513 620 1572 quae
654 1491 872 1573 videri,
925 1489 1193 1575 distingui
1248 1510 1304 1552 ct
1350 1494 1638 1553 numerari
1670 1489 1934 1574 possunt,

124 1595 439 1645 numerum
472 1594 528 1637 et
560 1579 798 1638 nomina
827 1576 1121 1638 multoties
1160 1576 1458 1658 superauit.
1560 1576 1754 1638 Labor
1786 1596 1932 1636 vero
2018 1603 2028 1617 1

125 1668 193 1745 isss
226 1684 346 1744 quo
385 1661 736 1724 chat-aderes
764 1661 1161 1742 obstruantur,
1199 1661 1443 1722 sublesta
1468 1661 1652 1722 affinia
1675 1660 1936 1722 affinibus

125 1764 572 1830 comparantur,
636 1749 696 1808 in
731 1745 1002 1809 ordinem
1038 1749 1391 1811 concinnum
1426 1745 1796 1829 rediguntur,
1842 1741 1935 1805 de-

123 1831 530 1917 scriptionibus
565 1850 621 1893 et
667 1831 1145 1914 appellationibus
1181 1850 1488 1912 ornantur,
1552 1833 1731 1915 longe
1772 1829 1933 1891 illum

121 1919 378 2005 superat,
417 1937 538 1998 quo
561 1919 749 1981 nauita
770 1916 957 1977 fecisse
984 1916 1190 1976 dicitur

660 2002 968 2062 Numeros
999 2018 1055 2062 et
1078 2002 1331 2062 nomina.

126 2105 241 2167 Vel
303 2123 443 2165 meo
510 2103 784 2184 exemplo
834 2103 1123 2186 intelligo,
1200 2120 1409 2183 quanta
1451 2098 1559 2163 fint
1592 2098 1935 2185 ‘perillustris

124 2209 352 2255 LINNA
369 2210 435 2249 ΕΙ
467 2189 527 2248 in
551 2186 802 2248 studium
815 2187 1101 2249 Historiae
1124 2188 1386 2248 naturalis
1409 2188 1628 2265 merita,
1649 2204 1705 2246 et
1727 2204 1938 2265 quanta

123 2274 409 2338 alacritate
434 2271 591 2334 hunc
615 2271 876 2334 laborem
901 2271 1208 2355 suscepturi
1228 2271 1336 2332 sint
1358 2270 1734 2348 natu-ralistae.
1780 2269 1938 2332 Mihi

127 2357 299 2423 valde
322 2359 515 2419 iuueni
540 2357 776 2418 obuiam
796 2355 950 2437 quasi
988 2359 1212 2418 inerunt
1244 2353 1555 2438 petrefaRa
1576 2357 1701 2438 agri
1725 2355 1936 2416 Halen-

129 2445 201 2508 fis
217 2463 274 2506 et
285 2441 1065 2523 MansfeldenfiS,inuita1·unt
1079 2463 1192 2521 me,
1206 2460 1271 2503 vt
1294 2438 1619 2523 lapidicinas
1636 2457 1691 2500 et
1708 2438 1937 2501 fodinas

130 2528 597 2614 xylanthracum‚
611 2527 1030 2608 lithantracum,
1046 2525 1227 2587 schisti
1253 2523 1542 2608 cupriferi‚
1564 2542 1733 2604 atque
1759 2522 1936 2584 offici⁴

129 2635 231 2678 nas
257 2613 492 2674 fusorias
517 2630 573 2673 et
595 2613 1243 2693 eliquatoriasinvicinia
1273 2608 1581 2670 lustrarem.
1632 2610 1794 2671 Haec
1822 2607 1937 2670 visa

129 2699 206 2762 ad
220 2697 400 2762 studia
413 2691 733 2759 academica
751 2716 806 2761 et
826 2696 1112 2759 scientiam
1135 2697 1423 2778 imprimis
1448 2693 1758 2754 naturalem
1786 2713 1938 2754 acce‘

107 2774 368 2869 'dentem
399 2784 728 2862 muitarum,
749 2801 815 2843 vt
836 2785 895 2842 in
912 2781 1129 2843 metalli
1149 2780 1376 2841 fodinas
1410 2779 1713 2858 Saxoniae‚
1748 2776 1940 2837 Bohe-

126 2871 307 2948 miae,
347 2868 697 2947 Herciniae‚>
738 2867 1102 2950 Thuringiae
1142 2863 1558 2926 descenderem.
1656 2861 1835 2922 Nulla
1867 2879 1940 2924 ex

129 2975 206 3016 eo
243 2970 516 3035 tempore
536 2951 655 3013 dies
677 2970 795 3013 erat
820 2951 935 3016 sine
954 2953 1126 3032 linea,
1168 2968 1472 3033 apparatus
1496 2968 1691 3009 rerum
1722 2964 1940 3007 natura·

126 3038 299 3118 lium,
344 3035 526 3098 indies
558 3037 904 3120 augebatur,
945 3035 1197 3099 studium
1246 3033 1488 3095 subies&
1519 3032 1659 3093 haec
1684 3029 1943 3092 distinete

124 3119 523 3207 cognoscendi
548 3143 684 3181 cum
708 3123 866 3183 mole
901 3141 956 3183 et
984 3141 1232 3183 numero
1253 3117 1547 3181 crescebat.
1661 3115 1832 3178 Tales
1867 3135 1942 3175 eo

127 3211 318 3294 magis
346 3205 735 3272 desiderabam
761 3205 1199 3294 desci·iptioneS‚
1229 3206 1420 3288 quales
1443 3200 1706 3268 Botaniei
1719 3251 1736 3285 2
1760 3200 1833 3261 de
1854 3219 1942 3259 re-

1811 3302 1938 3368 gno
